@book{fletcher1998basic,
  title={Basic concepts of criminal law},
  author={Fletcher, George P},
  year={1998},
  publisher={Oxford University Press}
}
