@article{fenn2009mirage,
  title={The mirage of triangular arbitrage in the spot foreign exchange market},
  author={Fenn, Daniel J and Howison, Sam D and McDonald, Mark and Williams, Stacy and Johnson, Neil F},
  journal={International Journal of Theoretical and Applied Finance},
  volume={12},
  number={08},
  pages={1105--1123},
  year={2009},
  publisher={World Scientific}
}
